@article{Arrhythmia_Monitoring_System,
    author = "Mehmet Yamaç and Mert Duman and İlke Adalıoğlu and Serkan Kiranyaz and Moncef Gabbouj", 
    title = "A Personalized Zero-Shot ECG Arrhythmia Monitoring System: From Sparse Representation Based Domain Adaption to Energy Efficient Abnormal Beat Detection for Practical ECG Surveillance",
    year = "2022",
    url = "https://arxiv.org/abs/2207.07089", 
    urldate = "2023-03-15"      % This is the date we entered the page
}

@article{goldberger2000physiobank,
    author = "Goldberger, A. and Amaral, L. and Glass, L. and Hausdorff, J. and Ivanov, P.C. and Mark, R. and Mietus, J.E. and Moody, G.B. and Peng, C.K. and Stanley, H.E", 
    title = "PhysioBank, PhysioToolkit, and PhysioNet: Components of a new research resource for complex physiologic signals [Online]", 
    journal="Circulation",
    volume="101",
    number="23",
    pages="E215--E220",
    year="2000",
    publisher="American Heart Association",
    doi="10.1161/01.cir.101.23.e215",
    year = "2000",
}

@article{physionet,
    title={The impact of the MIT-BIH Arrhythmia Database},
    author={Moody, George B and Mark, Roger G},
    journal={IEEE Engineering in Medicine and Biology Magazine},
    volume={20},
    number={3},
    pages={45--50},
    year={2001},
    doi={10.1109/51.932724},
    publisher={IEEE},
    PMID={11446209},
    url = "https://physionet.org/content/mitdb/1.0.0/", 
    urldate = "2023-03-15"      % This is the date we entered the page
}

@article{BERT,
    author = "Jacob Devlin and Ming-Wei Chang and Kenton Lee and Kristina Toutanova", 
    title = "BERT: Pre-training of Deep Bidirectional Transformers for Language Understanding", 
    year = "2019",
    url = "https://arxiv.org/abs/1810.04805", 
    urldate = "2023-03-15"      % This is the date we entered the page
}

@misc{arrhythmia_types,
    title = "Symbols used in plots", 
    year = "2016",
    url = "https://archive.physionet.org/physiobank/annotations.shtml", 
    urldate = "2023-03-15"      % This is the date we entered the page
}